<?xml version="1.0" encoding="UTF-8"?><collection xmlns="http://www.loc.gov/MARC21/slim"><record><leader>00349nam--2200133-i-4500</leader><controlfield tag="001">000034367</controlfield><controlfield tag="002">20161230</controlfield><controlfield tag="005">20161230201040</controlfield><controlfield tag="008">060222s1000------------r-----000-0-eng-d</controlfield><datafield ind1=" " ind2=" " tag="080"><subfield code="a">658.3:001.891</subfield></datafield><datafield ind1=" " ind2=" " tag="100"><subfield code="a">Noltingk, B.E</subfield></datafield><datafield ind1=" " ind2=" " tag="245"><subfield code="a">The human element in research management</subfield></datafield><datafield ind1=" " ind2=" " tag="260"><subfield code="a">Amsterdam, Elsevier Publ.Co., 1959, Vi + 91p</subfield></datafield><datafield ind1=" " ind2=" " tag="852"><subfield code="a">32523</subfield></datafield></record></collection>